<record><leader>00000cas a22000007a 4500</leader><controlfield tag="001">13695697</controlfield><controlfield tag="008">860606d18551865pauwr ne      0    0eng d</controlfield><datafield ind1=" " ind2=" " tag="010"><subfield code="a">sn 86081505 </subfield></datafield><datafield ind1=" " ind2=" " tag="040"><subfield code="a">NPH</subfield><subfield code="b">eng</subfield><subfield code="c">NPH</subfield><subfield code="d">OCLCQ</subfield></datafield><datafield ind1=" " ind2=" " tag="042"><subfield code="a">msc</subfield></datafield><datafield ind1="0" ind2="0" tag="245"><subfield code="a">National vedette.</subfield></datafield><datafield ind1=" " ind2=" " tag="260"><subfield code="a">Jersey Shore, Lycoming County, Pa. :</subfield><subfield code="b">James Jones</subfield></datafield><datafield ind1=" " ind2=" " tag="300"><subfield code="a">v. ;</subfield><subfield code="c">57 cm.</subfield></datafield><datafield ind1=" " ind2=" " tag="310"><subfield code="a">Weekly</subfield></datafield><datafield ind1="1" ind2=" " tag="362"><subfield code="a">Began with May 15, 1855 issue.</subfield><subfield code="z">Cf. Meginness, J. History of Lycoming Co., Pa.</subfield></datafield><datafield ind1="1" ind2=" " tag="362"><subfield code="a">Ceased in 1865?</subfield><subfield code="z">Cf. Gregory, W. Amer. newspapers.</subfield></datafield><datafield ind1=" " ind2=" " tag="500"><subfield code="a">Published every Thursday morning.</subfield></datafield><datafield ind1=" " ind2=" " tag="515"><subfield code="a">Suspended Dec. 1855-Sept. 18, 1856.</subfield></datafield><datafield ind1=" " ind2=" " tag="588"><subfield code="a">Description based on: Vol. 4, no. 26 (Oct. 13, 1859).</subfield></datafield><datafield ind1=" " ind2=" " tag="752"><subfield code="a">United States</subfield><subfield code="b">Pennsylvania</subfield><subfield code="c">Lycoming</subfield><subfield code="d">Jersey Shore.</subfield></datafield><datafield ind1="0" ind2="0" tag="785"><subfield code="t">Jersey Shore vidette (Jersey Shore, Pa. : 1865)</subfield><subfield code="w">(DLC)sn 86081504</subfield></datafield></record>